<?xml version="1.0" encoding="UTF-8"?><record xmlns="http://www.loc.gov/MARC21/slim" xmlns:cinclude="http://apache.org/cocoon/include/1.0" xmlns:zs="http://www.loc.gov/zing/srw/">
  <leader>00689cz  a2200169n  4500</leader>
  <controlfield tag="001">no 94023787 </controlfield>
  <controlfield tag="003">DLC</controlfield>
  <controlfield tag="005">20120808084340.0</controlfield>
  <controlfield tag="008">940714n| adannaab           |a aaa     c</controlfield>
  <datafield tag="010" ind1=" " ind2=" ">
    <subfield code="a">no 94023787 </subfield>
  </datafield>
  <datafield tag="040" ind1=" " ind2=" ">
    <subfield code="a">OrU</subfield>
    <subfield code="b">eng</subfield>
    <subfield code="c">OrU</subfield>
    <subfield code="d">DLC</subfield>
  </datafield>
  <datafield tag="100" ind1="1" ind2=" ">
    <subfield code="a">Andreev, Daniil Leonidovich,</subfield>
    <subfield code="d">1906-1959.</subfield>
    <subfield code="t">Works.</subfield>
    <subfield code="f">1993</subfield>
  </datafield>
  <datafield tag="400" ind1="1" ind2=" ">
    <subfield code="a">Andreev, Daniil Leonidovich,</subfield>
    <subfield code="d">1906-1959.</subfield>
    <subfield code="t">Sobranie sochineniĭ.</subfield>
    <subfield code="f">1993</subfield>
  </datafield>
  <datafield tag="400" ind1="1" ind2=" ">
    <subfield code="a">Andreev, Daniil Leonidovich,</subfield>
    <subfield code="d">1906-1959.</subfield>
    <subfield code="t">Sobranie sochineniĭ v trekh tomakh.</subfield>
    <subfield code="f">1993</subfield>
  </datafield>
  <datafield tag="667" ind1=" " ind2=" ">
    <subfield code="a">THIS 1XX FIELD CANNOT BE USED UNDER RDA UNTIL THIS RECORD HAS BEEN REVIEWED AND/OR UPDATED</subfield>
  </datafield>
  <datafield tag="670" ind1=" " ind2=" ">
    <subfield code="a">His Sobranie sochineniĭ, 1993.</subfield>
  </datafield>
  <datafield tag="670" ind1=" " ind2=" ">
    <subfield code="a">Sobranie sochineniĭ v trekh tomakh, 1993.</subfield>
  </datafield>
</record>